

@Book{chessell:bigdata,
  author =       "M. Chessell and F. Scheepers and N. Nguyen and R. van Kessel and R. van der Starre",
  year =         "2014",
  title =        "Governing and Managing Big Data for Analytics and Decision Makers",
  address =      "",
  publisher =    "",
  doi =          "",
  url =          "http://www.redbooks.ibm.com/redpapers/pdfs/redp5120.pdf",
  editor =       "",
  number =       "",
  month =        "",
  note =         "",
}

@inproceedings{jeffery2008pay,
  title={Pay-as-you-go user feedback for dataspace systems},
  author={Jeffery, Shawn R and Franklin, Michael J and Halevy, Alon Y},
  booktitle={Proceedings of the 2008 ACM SIGMOD international conference on Management of data},
  pages={847--860},
  year={2008},
  organization={ACM}
}

@inproceedings{madhavan2007web,
  title={Web-scale data integration: You can only afford to pay as you go},
  author={Madhavan, Jayant and Jeffery, Shawn R and Cohen, Shirley and Dong, Xin and Ko, David and Yu, Cong and Halevy, Alon},
  year={2007},
  organization={CIDR}
}

@inproceedings{hai2016constance,
  title={Constance: An intelligent data lake system},
  author={Hai, Rihan and Geisler, Sandra and Quix, Christoph},
  booktitle={Proceedings of the 2016 International Conference on Management of Data},
  pages={2097--2100},
  year={2016},
  organization={ACM}
}

@article{silhouette,
title = "Silhouettes: A graphical aid to the interpretation and validation of cluster analysis",
journal = "Journal of Computational and Applied Mathematics",
volume = "20",
pages = "53 - 65",
year = "1987",
issn = "0377-0427",
doi = "https://doi.org/10.1016/0377-0427(87)90125-7",
url = "http://www.sciencedirect.com/science/article/pii/0377042787901257",
author = "Peter J. Rousseeuw",
keywords = "Graphical display, cluster analysis, clustering validity, classification"
}

@inproceedings{brackenbury2018,
 author = {Brackenbury, Will and Liu, Rui and Mondal, Mainack and Elmore, Aaron J. and Ur, Blase and Chard, Kyle and Franklin, Michael J.},
 title = {Draining the Data Swamp: A Similarity-based Approach},
 booktitle = {Proceedings of the Workshop on Human-In-the-Loop Data Analytics},
 series = {HILDA'18},
 year = {2018},
 isbn = {978-1-4503-5827-9},
 location = {Houston, TX, USA},
 pages = {13:1--13:7},
 articleno = {13},
 numpages = {7},
 url = {http://doi.acm.org/10.1145/3209900.3209911},
 doi = {10.1145/3209900.3209911},
 acmid = {3209911},
 publisher = {ACM},
 address = {New York, NY, USA},
} 

@misc{CDIAC, 
title={{Carbon Dioxide Information Analysis Center}}, 
note={\url{ftp://cdiac.ornl.gov}. Visited Feb. 28, 2017.},
journal={Carbon Dioxide Information Analysis Center}, 
publisher={United States Dept. of Energy}, 
author={{U.S. Dept. of Energy}}, 
year={2017}
}

@inproceedings{beckman2017skluma,
  title={Skluma: A statistical learning pipeline for taming unkempt data repositories},
  author={Beckman, Paul and Skluzacek, Tyler J and Chard, Kyle and Foster, Ian},
  booktitle={29th International Conference on Scientific and Statistical Database Management},
  pages={41},
  year={2017}
}